<?xml version="1.0" encoding="utf-8"?>
<record xmlns="http://www.loc.gov/MARC21/slim" xmlns:xsi="http://www.w3.org/2001/XMLSchema-instance" xsi:schemaLocation="http://www.loc.gov/MARC21/slim http://www.loc.gov/standards/marcxml/schema/MARC21slim.xsd">
	<leader>     nam a22        4500</leader>
	<controlfield tag="001">3236291</controlfield>
	<controlfield tag="003">NNC</controlfield>
	<controlfield tag="006">m        d        </controlfield>
	<controlfield tag="007">cr cn |||m|||a</controlfield>
	<controlfield tag="008">150603s1896    su      o     000 0 ara d</controlfield>
	<datafield ind1=" " ind2=" " tag="040">
		<subfield code="a">NNU</subfield>
		<subfield code="b">eng</subfield>
		<subfield code="e">rda</subfield>
		<subfield code="c">NNU</subfield>
	</datafield>
	<datafield ind1=" " ind2=" " tag="043">
		<subfield code="a">a-su---</subfield>
	</datafield>
	<datafield ind1="1" ind2=" " tag="100">
		<subfield code="6">880-01</subfield>
		<subfield code="a">Ḥaḍrāwī, Aḥmad ibn Muḥammad,</subfield>
		<subfield code="d">1836 or 1837-1909 or 1910.</subfield>
	</datafield>
	<datafield ind1="1" ind2="0" tag="245">
		<subfield code="6">880-02</subfield>
		<subfield code="a">Kitāb al-ʻiqd al-thamīn fī faḍāʼil al-balad al-amīn /</subfield>
		<subfield code="c">Muḥamma al-Ḥaḍrāwī.</subfield>
	</datafield>
	<datafield ind1=" " ind2=" " tag="260">
		<subfield code="6">880-03</subfield>
		<subfield code="a">Mikah :</subfield>
		<subfield code="b">al-Maṭbaʻah al-Mīryah,</subfield>
		<subfield code="c">1314 A.H. [1896 A.D.]</subfield>
	</datafield>
	<datafield ind1=" " ind2=" " tag="300">
		<subfield code="a">online resource (81. 15 pages)</subfield>
	</datafield>
	<datafield ind1=" " ind2=" " tag="336">
		<subfield code="a">text</subfield>
		<subfield code="2">rdacontent</subfield>
	</datafield>
	<datafield ind1=" " ind2=" " tag="337">
		<subfield code="a">computer</subfield>
		<subfield code="2">rdamedia</subfield>
	</datafield>
	<datafield ind1=" " ind2=" " tag="338">
		<subfield code="a">online resource</subfield>
		<subfield code="2">rdacarrier</subfield>
	</datafield>
	<datafield ind1=" " ind2=" " tag="500">
		<subfield code="a">Part of the Arabic Collections Online (ACO) project, contributed by Columbia University Libraries.</subfield>
	</datafield>
	<datafield ind1=" " ind2=" " tag="533">
		<subfield code="a">Electronic reproduction.</subfield>
		<subfield code="b">New York, N.Y. :</subfield>
		<subfield code="c">New York University,</subfield>
		<subfield code="d">2015.</subfield>
		<subfield code="5">NNU</subfield>
	</datafield>
	<datafield ind1=" " ind2="0" tag="651">
		<subfield code="a">Mecca (Saudi Arabia)</subfield>
		<subfield code="x">Description and travel.</subfield>
	</datafield>
	<datafield ind1=" " ind2="7" tag="650">
		<subfield code="a">Travel.</subfield>
		<subfield code="2">fast</subfield>
		<subfield code="0">(OCoLC)fst01155558</subfield>
	</datafield>
	<datafield ind1=" " ind2="7" tag="651">
		<subfield code="a">Saudi Arabia</subfield>
		<subfield code="z">Mecca.</subfield>
		<subfield code="2">fast</subfield>
		<subfield code="0">(OCoLC)fst01204780</subfield>
	</datafield>
	<datafield ind1="2" ind2=" " tag="710">
		<subfield code="a">Columbia University.</subfield>
		<subfield code="b">Libraries.</subfield>
	</datafield>
	<datafield ind1="0" ind2=" " tag="730">
		<subfield code="a">Arabic Collections Online.</subfield>
	</datafield>
	<datafield ind1="0" ind2="8" tag="776">
		<subfield code="i">Online version:</subfield>
		<subfield code="a">Ḥaḍrāwī, Aḥmad ibn Muḥammad, 1836 or 7-1909 or 10.</subfield>
		<subfield code="t">Kitāb al-ʻiqd al-thamīn fī fadāʼil al-balad al-amīn .</subfield>
		<subfield code="d">Mecca, 1314 A.H. [1896 A.D.]</subfield>
		<subfield code="w">(OCoLC)654720072</subfield>
	</datafield>
	<datafield ind1="0" ind2="8" tag="776">
		<subfield code="i">Print version:</subfield>
		<subfield code="a">Ḥaḍrāwī, Aḥmad ibn Muḥammad, 1836 or 1837-1909 or 1910.</subfield>
		<subfield code="t">Kitāb al-ʻiqd al-thamīn fī faḍāʼil al-balad al-amīn</subfield>
		<subfield code="w">(NNC)3236291</subfield>
		<subfield code="w">(OCoLC)79158271</subfield>
	</datafield>
	<datafield ind1="4" ind2="0" tag="856">
		<subfield code="u">http://hdl.handle.net/2333.1/d51c5dcc</subfield>
	</datafield>
	<datafield ind1="1" ind2=" " tag="880">
		<subfield code="6">100-01/r</subfield>
		<subfield code="a">حضراوي، احمد بن محمد، </subfield>
		<subfield code="d">1836 or 1837-1909 or 1910.</subfield>
	</datafield>
	<datafield ind1="1" ind2="0" tag="880">
		<subfield code="6">245-02/r</subfield>
		<subfield code="a">كتاب العقد الثمين في فضائل البلد الأمين /</subfield>
		<subfield code="c">محم الحضراوي.</subfield>
	</datafield>
	<datafield ind1=" " ind2=" " tag="880">
		<subfield code="6">260-03/r</subfield>
		<subfield code="a">مكة :</subfield>
		<subfield code="b">المطبعة الميرية،</subfield>
		<subfield code="c">1314 ا.ه. [1896 ا.د.]</subfield>
	</datafield>
	<datafield ind1=" " ind2=" " tag="959">
		<subfield code="a">NNU</subfield>
		<subfield code="b">WEB</subfield>
		<subfield code="c">GENI</subfield>
		<subfield code="t">0</subfield>
		<subfield code="m">Electronic access</subfield>
		<subfield code="s">01</subfield>
	</datafield>
	<datafield ind1=" " ind2=" " tag="999">
		<subfield code="i">NNC_3236291</subfield>
		<subfield code="o">(OCoLC)ocm79158271</subfield>
		<subfield code="s">columbia_aco000414</subfield>
		<subfield code="e">(ERROR-880)</subfield>
		<subfield code="s">columbia_aco000414</subfield>
	</datafield>
</record>
